@inproceedings{hsu:DSMGA2,
  title={Optimization by pairwise linkage detection, incremental linkage set, and restricted/back mixing: Dsmga-II},
  author={Hsu, Shih-Huan and Yu, Tian-Li},
  booktitle={Proceedings of the 2015 Annual Conference on Genetic and Evolutionary Computation},
  pages={519--526},
  year={2015},
  organization={ACM}
}

@inproceedings{bosman:LT-GOMEA,
  title={Linkage neighbors, optimal mixing and forced improvements in genetic algorithms},
  author={Bosman, Peter AN and Thierens, Dirk},
  booktitle={Proceedings of the 14th annual conference on Genetic and evolutionary computation},
  pages={585--592},
  year={2012},
  organization={ACM}
}

@inproceedings{bosman:robust,
  title={More concise and robust linkage learning by filtering and combining linkage hierarchies},
  author={Bosman, Peter AN and Thierens, Dirk},
  booktitle={Proceedings of the 15th annual conference on Genetic and evolutionary computation},
  pages={359--366},
  year={2013},
  organization={ACM}
}

@inproceedings{pelikan:hBOA,
  title={Hierarchical BOA solves Ising spin glasses and MAXSAT},
  author={Pelikan, Martin and Goldberg, David E},
  booktitle={Genetic and Evolutionary Computation Conference},
  pages={1271--1282},
  year={2003},
  organization={Springer}
}

@inproceedings{pelikan:pairwise,
  title={Pairwise and problem-specific distance metrics in the linkage tree genetic algorithm},
  author={Pelikan, Martin and Hauschild, Mark W and Thierens, Dirk},
  booktitle={Proceedings of the 13th annual conference on Genetic and evolutionary computation},
  pages={1005--1012},
  year={2011},
  organization={ACM}
}

@inproceedings{yu:DSMGA,
  title={Genetic algorithm design inspired by organizational theory: Pilot study of a dependency structure matrix driven genetic algorithm},
  author={Yu, Tian-Li and Goldberg, David E and Yassine, Ali and Chen, Ying-Ping},
  booktitle={Genetic and Evolutionary Computation Conference},
  pages={1620--1621},
  year={2003},
  organization={Springer}
}

@inproceedings{yu:population,
  title={Population sizing for entropy-based model building in discrete estimation of distribution algorithms},
  author={Yu, Tian-Li and Sastry, Kumara and Goldberg, David E and Pelikan, Martin},
  booktitle={Proceedings of the 9th annual conference on Genetic and evolutionary computation},
  pages={601--608},
  year={2007},
  organization={ACM}
}

@article { deb:sufficient,
  title= { Sufficient conditions for deceptive and easy binary functions },
  author={Deb, Kalyanmoy and Goldberg, David E},
  journal={Annals of mathematics and Artificial Intelligence},
  volume={10},
  number={4},
  pages={385--408},
  year={1994},
  publisher={Springer}
}

@article{thierens:mixing,
  title={Mixing in genetic algorithms},
  author={Thierens, Dirk and Goldberg, David E},
  journal={Urbana},
  volume={51},
  pages={61801},
  year={1993}
}

@inproceedings{yu:overlapping,
  title={Linkage learning, overlapping building blocks, and systematic strategy for scalable recombination},
  author={Yu, Tian-Li and Sastry, Kumara and Goldberg, David E},
  booktitle={Proceedings of the 7th annual conference on Genetic and evolutionary computation},
  pages={1217--1224},
  year={2005},
  organization={ACM}
}

@article { goldberg:deception ,
  title = { Massive multimodality, deception, and genetic algorithms },
  author = { Goldberg, David E and Deb, Kalyanmoy and Horn, Jeffrey },
  journal={Urbana},
  volume={51},
  pages={61801},
  year={1992}
}

@inproceedings{pelikan:overlap,
  title={Performance of evolutionary algorithms on NK landscapes with nearest neighbor interactions and tunable overlap},
  author={Pelikan, Martin and Sastry, Kumara and Goldberg, David E and Butz, Martin V and Hauschild, Mark},
  booktitle={Proceedings of the 11th Annual conference on Genetic and evolutionary computation},
  pages={851--858},
  year={2009},
  organization={ACM}
}

@article { goldberg:buildingblock,
  title = { Genetic algorithms, noise, and the sizing of populations },
  author = { Goldberg, David E and Deb, Kalyanmoy and Clark, James H },
  journal = { COMPLEX SYSTEMS } ,
  volume = {6},
  pages = {333--333},
  year = { 1992 },
  publisher = { COMPLEX SYSTEMS PUBLICATIONS INC }
}

@inproceedings{thierens:LTGA,
  title={The linkage tree genetic algorithm},
  author={Thierens, Dirk},
  booktitle={International Conference on Parallel Problem Solving from Nature},
  pages={264--273},
  year={2010},
  organization={Springer}
}

@inproceedings{thierens:OM,
  title={Optimal mixing evolutionary algorithms},
  author={Thierens, Dirk and Bosman, Peter AN},
  booktitle={Proceedings of the 13th annual conference on Genetic and evolutionary computation},
  pages={617--624},
  year={2011},
  organization={ACM}
}



@article{kullback:KL-diversion,
  title={On information and sufficiency},
  author={Kullback, Solomon and Leibler, Richard A},
  journal={The annals of mathematical statistics},
  volume={22},
  number={1},
  pages={79--86},
  year={1951},
  publisher={JSTOR}
}